@inproceedings{blanco2015fast,
  title={Fast and space-efficient entity linking for queries},
  author={Blanco, Roi and Ottaviano, Giuseppe and Meij, Edgar},
  booktitle={Proceedings of the Eighth ACM International Conference on Web Search and Data Mining},
  pages={179--188},
  year={2015},
  organization={ACM}
}
@article{ganea2015probabilistic,
  title={Probabilistic Bag-Of-Hyperlinks Model for Entity Linking},
  author={Ganea, Octavian-Eugen and Horlescu, Marina and Lucchi, Aurelien and Eickhoff, Carsten and Hofmann, Thomas},
  journal={arXiv preprint arXiv:1509.02301},
  year={2015}
}
@inproceedings{cornolti2016piggyback,
  title={A Piggyback System for Joint Entity Mention Detection and Linking in Web Queries},
  author={Cornolti, Marco and Ferragina, Paolo and Ciaramita, Massimiliano and R{\"u}d, Stefan and Sch{\"u}tze, Hinrich},
  booktitle={Proceedings of the 25th International Conference on World Wide Web},
  pages={567--578},
  year={2016},
  organization={International World Wide Web Conferences Steering Committee}
}
@article{buzna2007efficient,
  title={Efficient response to cascading disaster spreading},
  author={Buzna, Lubos and Peters, Karsten and Ammoser, Hendrik and K{\"u}hnert, Christian and Helbing, Dirk},
  journal={Physical Review E},
  volume={75},
  number={5},
  pages={056107},
  year={2007},
  publisher={APS}
}
@article{li2011variational,
	title={Variational data assimilation for the initial-value dynamo problem},
	author={Li, Kuan and Jackson, Andrew and Livermore, Philip W},
	journal={Physical Review E},
	volume={84},
	number={5},
	pages={056321},
	year={2011},
	publisher={APS}
}
@article{tromp2008spectral,
	title={Spectral-element and adjoint methods in seismology},
	author={Tromp, Jeroen and Komattisch, Dimitri and Liu, Qinya},
	journal={Communications in Computational Physics},
	volume={3},
	number={1},
	pages={1--32},
	year={2008}
}
@article{chen2015optimal,
	title={Optimal dynamo action by steady flows confined to a cube},
	author={Chen, L and Herreman, W and Jackson, A},
	journal={Journal of Fluid Mechanics},
	volume={783},
	pages={23--45},
	year={2015},
	publisher={Cambridge Univ Press}
}