@inproceedings{blanco2015fast,
  title={Fast and space-efficient entity linking for queries},
  author={Blanco, Roi and Ottaviano, Giuseppe and Meij, Edgar},
  booktitle={Proceedings of the Eighth ACM International Conference on Web Search and Data Mining},
  pages={179--188},
  year={2015},
  organization={ACM}
}
@article{ganea2015probabilistic,
  title={Probabilistic Bag-Of-Hyperlinks Model for Entity Linking},
  author={Ganea, Octavian-Eugen and Horlescu, Marina and Lucchi, Aurelien and Eickhoff, Carsten and Hofmann, Thomas},
  journal={arXiv preprint arXiv:1509.02301},
  year={2015}
}
@inproceedings{cornolti2016piggyback,
  title={A Piggyback System for Joint Entity Mention Detection and Linking in Web Queries},
  author={Cornolti, Marco and Ferragina, Paolo and Ciaramita, Massimiliano and R{\"u}d, Stefan and Sch{\"u}tze, Hinrich},
  booktitle={Proceedings of the 25th International Conference on World Wide Web},
  pages={567--578},
  year={2016},
  organization={International World Wide Web Conferences Steering Committee}
}
@article{buzna2007efficient,
  title={Optimal Stratety of Resource Distribution on Cascading Disaster Spreading},
  author={Buzna, Lubos and Peters, Karsten and Ammoser, Hendrik and K{\"u}hnert, Christian and Helbing, Dirk},
  journal={Physical Review E},
  volume={75},
  number={5},
  pages={056107},
  year={2007},
  publisher={APS}
}